@book{hub09,
	author = "Hubbard, B. and Hubbard, J.",
	title = "Vector Calculus, Linear Algebra, and Differential Forms: A Unified Approach",
	year = "2009",
	volume = "4",
	publisher = "Matrix Editions",
	address = "Ithaca, NY"
}

@article{bggs84,
	author = "Benettin, G. and Galgani, L. and Giorgilli, A and Strelcyn, J.-M.",
	title = "A Proof of Kolmogorov's Theorem on Invariant Tori Using Canonical Transformations Defined by the Lie Method",
	journal = "Il Nuovo Cimento",
	volume = "79B",
	year = "1984"
}

@article{hi02,
	author = "Hubbard, J and Ilyashenko, Y.",
	title = "A proof of Kolmogorov's theorem",
	journal = "Discrete and Continuous Dynamical systems",
	volume = "4",
	pages = "1-20",
	year = "2003"
}

@book{a78,
	author = "Arnold, V.I.",
	title = "Mathematical Methods of Classical Mechanics",
	year = "1987",
	publisher = "Springer-Verlag"
}

@book{f64,
	author = "Camille Flammarion",
	title = "The Flammarion Book of Astronomy",
	year = "1964",
	publisher = "Simon and Schuster",
	address = "New York"
}

@article{a97,
	author = "Arnold, V.I.",
	title = "From superpositions to KAM theory",
	journal = "Vladimir Igorevich Arnold. Selected-60, Moscow: PHASIS",
	year = "1997",
	pages = "727-740"
}